@incollection{stephan2017preemption,
  title={Preemption in singular causation judgments: A computational model},
  author={Stephan, Simon and Waldmann, Michael R},
  editor={Gunzelmann, G. and Howes, A. and Tenbrink, T. and Davelaar, E.},
  booktitle={Proceedings of the 39th {A}nnual {C}onference of the {C}ognitive {S}cience {S}ociety},
  publisher= {Cognitive Science Society},
  address= {Austin, TX},
  pages={1126--1131},
  year={2017}
}