@incollection{nagel2016explanations,
  title={Explanations in causal chains: Selecting distal causes requires exportable mechanisms},
  author={Nagel, Jonas and Stephan, Simon},
  editor={Papafragou, A. and Grodner, D. and Mirman, D. and Trueswell, J. C.},
  booktitle={Proceedings of the 38th {A}nnual {C}onference of the {C}ognitive {S}cience {S}ociety},
  publisher= {Cognitive Science Society},
  address= {Austin, TX},
  pages={806 -- 812},
  year={2016}
}