@article {stephan2018preemption,
author = {Stephan, Simon and Waldmann, Michael R.},
title = {Preemption in Singular Causation Judgments: A Computational Model},
journal = {Topics in Cognitive Science},
volume = {10},
pages = {242--257},
year = {2018},
}