@incollection{stephan2018latency,
  title={Assessing singular causation: The role of causal latencies},
  author={Stephan, Simon and Mayrhofer, Ralf and Waldmann, Michael R},
  editor={Rogers, T.T. and Rau, M. and Zhu, X. and Kalish, C.W.},
  booktitle={Proceedings of the 40th {A}nnual {C}onference of the {C}ognitive {S}cience {S}ociety},
  publisher= {Cognitive Science Society},
  address= {Austin, TX},
  pages={1080--1085},
  year={2018}
}