@incollection{stephan2017marbles,
  title={Marbles in inaction: Counterfactual simulation and causation by omission},
  author={Stephan, Simon and Willemsen, Pascale and Gerstenberg, Tobias},
  editor={Gunzelmann, G. and Howes, A. and Tenbrink, T. and Davelaar, E.},
  booktitle={Proceedings of the 39th {A}nnual {C}onference of the {C}ognitive {S}cience {S}ociety},
  publisher= {Cognitive Science Society},
  address= {Austin, TX},
  pages={1132--1137},
  year={2017}
}