@incollection{nagel2015mediators,
  title={Mediators or alternative explanations: Transitivity in human-mediated causal chains},
  author={Nagel, Jonas and Stephan, Simon},
  editor={Noelle, D. C. and Dale, R. and Warlaumont, A. S. and Yoshimi, J. and Matlock, T. and Jennings, C. D. and Maglio, P. P.},
  booktitle={Proceedings of the 37th {A}nnual {C}onference of the {C}ognitive {S}cience {S}ociety},
  publisher= {Cognitive Science Society},
  address= {Austin, TX},
  pages={1691 -- 1696},
  year={2015}
}