@inproceedings{nagel2016explanations,
  title={Explanations in causal chains: Selecting distal causes requires exportable mechanisms},
  author={Nagel, Jonas and Stephan, Simon},
  booktitle={Proceedings of the 38th Annual Conference of the Cognitive Science Society},
  pages={806--812},
  year={2016},
  organization={Cognitive Science Society Austin, TX}
}