@incollection{stephan2016singular,
  title={Answering causal queries about singular cases},
  author={Stephan, Simon and Waldmann, Michael R},
  editor={Papafragou, A. and Grodner, D. and Mirman, D. and Trueswell, J. C.},
  booktitle={Proceedings of the 38th {A}nnual {C}onference of the {C}ognitive {S}cience {S}ociety},
  publisher   = {Cognitive Science Society},
  address     = {Austin, TX},
  pages={2795--2801},
  year={2016}
}